@article{moll2018,
  author    = {Nikolaj Moll and Panagiotis Barkoutsos and Lev S Bishop and Jerry M Chow and Andrew Cross and Daniel J Egger and Stefan Filipp and Andreas Fuhrer and Jay M Gambetta and Marc Ganzhorn and Abhinav Kandala and Antonio Mezzacapo and Peter MÃ¼ller and Walter Riess and Gian Salis and John Smolin and Ivano Tavernelli and Kristan Temme},
  doi       = {10.1088/2058-9565/aab822},
  journal   = {Quantum Science and Technology},
  month     = {jun},
  number    = {3},
  pages     = {030503},
  publisher = {{IOP} Publishing},
  title     = {Quantum optimization using variational algorithms on near-term quantum devices},
  url       = {https://doi.org/10.1088%2F2058-9565%2Faab822},
  volume    = {3},
  year      = 2018,
}

@article{schuld2019,
  author    = {Schuld, Maria and Bergholm, Ville and Gogolin, Christian and Izaac, Josh and Killoran, Nathan},
  doi       = {10.1103/PhysRevA.99.032331},
  issue     = {3},
  journal   = {Phys. Rev. A},
  month     = {Mar},
  numpages  = {7},
  pages     = {032331},
  publisher = {American Physical Society},
  title     = {Evaluating analytic gradients on quantum hardware},
  url       = {https://link.aps.org/doi/10.1103/PhysRevA.99.032331},
  volume    = {99},
  year      = {2019},
}

@article{torlai2020,
  author    = {Torlai, Giacomo and Mazzola, Guglielmo and Carleo, Giuseppe and Mezzacapo, Antonio},
  doi       = {10.1103/PhysRevResearch.2.022060},
  issue     = {2},
  journal   = {Phys. Rev. Research},
  month     = {Jun},
  numpages  = {6},
  pages     = {022060},
  publisher = {American Physical Society},
  title     = {Precise measurement of quantum observables with neural-network estimators},
  url       = {https://link.aps.org/doi/10.1103/PhysRevResearch.2.022060},
  volume    = {2},
  year      = {2020},
}
