@misc{adamoptimiser,
  title = {Adam: {{A Method}} for {{Stochastic Optimization}}},
  shorttitle = {Adam},
  author = {Kingma, Diederik P. and Ba, Jimmy},
  date = {2017-01-29},
  number = {arXiv:1412.6980},
  eprint = {1412.6980},
  eprinttype = {arxiv},
  primaryclass = {cs},
  publisher = {{arXiv}},
  doi = {10.48550/arXiv.1412.6980},
  archiveprefix = {arXiv}
}
% == BibLateX quality report for adamoptimiser:
% Unexpected field 'number'
% Unexpected field 'primaryclass'
% Unexpected field 'publisher'
% Unexpected field 'archiveprefix'
% ? Title looks like it was stored in title-case in Zotero
% ? unused Url ("http://arxiv.org/abs/1412.6980")

@misc{pennylane,
  title = {{{PennyLane}}: {{Automatic}} Differentiation of Hybrid Quantum-Classical Computations},
  shorttitle = {{{PennyLane}}},
  author = {Bergholm, Ville and Izaac, Josh and Schuld, Maria and Gogolin, Christian and Ahmed, Shahnawaz and Ajith, Vishnu and Alam, M. Sohaib and Alonso-Linaje, Guillermo and AkashNarayanan, B. and Asadi, Ali and Arrazola, Juan Miguel and Azad, Utkarsh and Banning, Sam and Blank, Carsten and Bromley, Thomas R. and Cordier, Benjamin A. and Ceroni, Jack and Delgado, Alain and Di Matteo, Olivia and Dusko, Amintor and Garg, Tanya and Guala, Diego and Hayes, Anthony and Hill, Ryan and Ijaz, Aroosa and Isacsson, Theodor and Ittah, David and Jahangiri, Soran and Jain, Prateek and Jiang, Edward and Khandelwal, Ankit and Kottmann, Korbinian and Lang, Robert A. and Lee, Christina and Loke, Thomas and Lowe, Angus and McKiernan, Keri and Meyer, Johannes Jakob and Montañez-Barrera, J. A. and Moyard, Romain and Niu, Zeyue and O'Riordan, Lee James and Oud, Steven and Panigrahi, Ashish and Park, Chae-Yeun and Polatajko, Daniel and Quesada, Nicolás and Roberts, Chase and Sá, Nahum and Schoch, Isidor and Shi, Borun and Shu, Shuli and Sim, Sukin and Singh, Arshpreet and Strandberg, Ingrid and Soni, Jay and Száva, Antal and Thabet, Slimane and Vargas-Hernández, Rodrigo A. and Vincent, Trevor and Vitucci, Nicola and Weber, Maurice and Wierichs, David and Wiersema, Roeland and Willmann, Moritz and Wong, Vincent and Zhang, Shaoming and Killoran, Nathan},
  date = {2022-07-29},
  number = {arXiv:1811.04968},
  eprint = {1811.04968},
  eprinttype = {arxiv},
  primaryclass = {physics, physics:quant-ph},
  publisher = {{arXiv}},
  doi = {10.48550/arXiv.1811.04968},
  archiveprefix = {arXiv}
}
% == BibLateX quality report for pennylane:
% Unexpected field 'number'
% Unexpected field 'primaryclass'
% Unexpected field 'publisher'
% Unexpected field 'archiveprefix'
% ? unused Url ("http://arxiv.org/abs/1811.04968")

@inproceedings{pytorch,
  title = {{{PyTorch}}: {{An Imperative Style}}, {{High-Performance Deep Learning Library}}},
  shorttitle = {{{PyTorch}}},
  booktitle = {Advances in {{Neural Information Processing Systems}}},
  author = {Paszke, Adam and Gross, Sam and Massa, Francisco and Lerer, Adam and Bradbury, James and Chanan, Gregory and Killeen, Trevor and Lin, Zeming and Gimelshein, Natalia and Antiga, Luca and Desmaison, Alban and Kopf, Andreas and Yang, Edward and DeVito, Zachary and Raison, Martin and Tejani, Alykhan and Chilamkurthy, Sasank and Steiner, Benoit and Fang, Lu and Bai, Junjie and Chintala, Soumith},
  date = {2019},
  volume = {32},
  publisher = {{Curran Associates, Inc.}},
  url = {https://papers.nips.cc/paper/2019/hash/bdbca288fee7f92f2bfa9f7012727740-Abstract.html},
  urldate = {2022-11-13}
}
% == BibLateX quality report for pytorch:
% ? Unsure about the formatting of the booktitle
% ? Title looks like it was stored in title-case in Zotero
% ? unused Library catalog ("Neural Information Processing Systems")

@software{qiskit,
  title = {Qiskit: {{An Open-source Framework}} for {{Quantum Computing}}},
  shorttitle = {Qiskit/Qiskit},
  author = {Treinish, Matthew and Gambetta, Jay and Nation, Paul and Qiskit-Bot and Kassebaum, Paul and Rodríguez, Diego M. and De La Puente González, Salvador and Shaohan Hu and Lishman, Jake and Krsulich, Kevin and Garrison, Jim and Bello, Luciano and Yu, Jessie and Marques, Manoel and Gacon, Julien and McKay, David and Gomez, Juan and Capelluto, Lauren and Travis-S-IBM and Panigrahi, Ashish and Lerongil and Rafey Iqbal Rahman and Wood, Steve and Toshinari Itoko and Mitchell, Abby and Pozas-Kerstjens, Alex and Wood, Christopher J. and Divyanshu Singh and Drew and Arbel, Eli},
  date = {2022-11-04},
  doi = {10.5281/ZENODO.2573505},
  organization = {{Zenodo}},
  version = {0.39.2}
}
% == BibLateX quality report for qiskit:
% ? unused Library catalog ("DOI.org (Datacite)")
% ? unused Url ("https://zenodo.org/record/2573505")
