@article{abbas2021,
  author       = {Abbas, Amira and Sutter, David and Zoufal, Christa and Lucchi, Aurelien and Figalli, Alessio and Woerner, Stefan},
  date         = {2021-06},
  doi          = {10.1038/s43588-021-00084-1},
  issn         = {2662-8457},
  journaltitle = {Nature Computational Science},
  langid       = {english},
  number       = {6},
  pages        = {403--409},
  shortjournal = {Nat Comput Sci},
  title        = {The Power of Quantum Neural Networks},
  volume       = {1},
}
% == BibLateX quality report for abbas2021:
% ? unused Library catalog ("DOI.org (Crossref)")
% ? unused Url ("http://www.nature.com/articles/s43588-021-00084-1")

@article{cerezo2021,
  author       = {Cerezo, Marco and Arrasmith, Andrew and Babbush, Ryan and Benjamin, Simon C. and Endo, Suguru and Fujii, Keisuke and McClean, Jarrod R. and Mitarai, Kosuke and Yuan, Xiao and Cincio, Lukasz and Coles, Patrick J.},
  date         = {2021-09},
  doi          = {10.1038/s42254-021-00348-9},
  issn         = {2522-5820},
  journaltitle = {Nature Reviews Physics},
  langid       = {english},
  number       = {9},
  pages        = {625--644},
  shortjournal = {Nat Rev Phys},
  title        = {Variational Quantum Algorithms},
  volume       = {3},
}
% == BibLateX quality report for cerezo2021:
% ? unused Library catalog ("DOI.org (Crossref)")
% ? unused Url ("https://www.nature.com/articles/s42254-021-00348-9")

@article{cerezo2022,
  author       = {Cerezo, Marco and Verdon, Guillaume and Huang, Hsin-Yuan and Cincio, Lukasz and Coles, Patrick J.},
  date         = {2022-09-15},
  doi          = {10.1038/s43588-022-00311-3},
  issn         = {2662-8457},
  journaltitle = {Nature Computational Science},
  langid       = {english},
  shortjournal = {Nat Comput Sci},
  title        = {Challenges and Opportunities in Quantum Machine Learning},
}
% == BibLateX quality report for cerezo2022:
% ? unused Library catalog ("DOI.org (Crossref)")
% ? unused Url ("https://www.nature.com/articles/s43588-022-00311-3")

@article{ciliberto2018,
  author       = {Ciliberto, Carlo and Herbster, Mark and Ialongo, Alessandro Davide and Pontil, Massimiliano and Rocchetto, Andrea and Severini, Simone and Wossnig, Leonard},
  date         = {2018-01},
  doi          = {10.1098/rspa.2017.0551},
  issn         = {1364-5021, 1471-2946},
  journaltitle = {Proceedings of the Royal Society A: Mathematical, Physical and Engineering Sciences},
  langid       = {english},
  number       = {2209},
  pages        = {20170551},
  shortjournal = {Proc. R. Soc. A.},
  shorttitle   = {Quantum Machine Learning},
  title        = {Quantum Machine Learning: A Classical Perspective},
  volume       = {474},
}
% == BibLateX quality report for ciliberto2018:
% 'issn': not a valid ISSN
% ? unused Library catalog ("DOI.org (Crossref)")
% ? unused Url ("https://royalsocietypublishing.org/doi/10.1098/rspa.2017.0551")

@article{cong2019,
  author       = {Cong, Iris and Choi, Soonwon and Lukin, Mikhail D.},
  date         = {2019-12},
  doi          = {10.1038/s41567-019-0648-8},
  issn         = {1745-2473, 1745-2481},
  journaltitle = {Nature Physics},
  langid       = {english},
  number       = {12},
  pages        = {1273--1278},
  shortjournal = {Nat. Phys.},
  title        = {Quantum Convolutional Neural Networks},
  volume       = {15},
}
% == BibLateX quality report for cong2019:
% 'issn': not a valid ISSN
% ? unused Library catalog ("DOI.org (Crossref)")
% ? unused Url ("http://www.nature.com/articles/s41567-019-0648-8")

@article{farhi2018a,
  author    = {Farhi, Edward and Neven, Hartmut},
  date      = {2018},
  doi       = {10.48550/ARXIV.1802.06002},
  publisher = {{arXiv}},
  title     = {Classification with {{Quantum Neural Networks}} on {{Near Term Processors}}},
  version   = {2},
}
% == BibLateX quality report for farhi2018a:
% Unexpected field 'publisher'
% Missing required field 'journaltitle'
% ? Title looks like it was stored in title-case in Zotero
% ? unused Library catalog ("DOI.org (Datacite)")
% ? unused Url ("https://arxiv.org/abs/1802.06002")

@article{felser2021,
  author       = {Felser, Timo and Trenti, Marco and Sestini, Lorenzo and Gianelle, Alessio and Zuliani, Davide and Lucchesi, Donatella and Montangero, Simone},
  date         = {2021-12},
  doi          = {10.1038/s41534-021-00443-w},
  issn         = {2056-6387},
  journaltitle = {npj Quantum Information},
  langid       = {english},
  number       = {1},
  pages        = {111},
  shortjournal = {npj Quantum Inf},
  title        = {Quantum-Inspired Machine Learning on High-Energy Physics Data},
  volume       = {7},
}
% == BibLateX quality report for felser2021:
% ? unused Library catalog ("DOI.org (Crossref)")
% ? unused Url ("http://www.nature.com/articles/s41534-021-00443-w")

@article{feynman1982,
  author       = {Feynman, Richard P.},
  date         = {1982-06},
  doi          = {10.1007/BF02650179},
  issn         = {0020-7748, 1572-9575},
  journaltitle = {International Journal of Theoretical Physics},
  langid       = {english},
  number       = {6-7},
  pages        = {467--488},
  shortjournal = {Int J Theor Phys},
  title        = {Simulating Physics with Computers},
  volume       = {21},
}
% == BibLateX quality report for feynman1982:
% 'issn': not a valid ISSN
% ? unused Library catalog ("DOI.org (Crossref)")
% ? unused Url ("http://link.springer.com/10.1007/BF02650179")

@article{fisher1936,
  annotation   = {\_eprint: https://onlinelibrary.wiley.com/doi/pdf/10.1111/j.1469-1809.1936.tb02137.x},
  author       = {Fisher, Ronald A.},
  date         = {1936},
  doi          = {10.1111/j.1469-1809.1936.tb02137.x},
  issn         = {2050-1439},
  journaltitle = {Annals of Eugenics},
  langid       = {english},
  number       = {2},
  pages        = {179--188},
  title        = {The {{Use}} of {{Multiple Measurements}} in {{Taxonomic Problems}}},
  volume       = {7},
}
% == BibLateX quality report for fisher1936:
% ? Title looks like it was stored in title-case in Zotero
% ? unused Library catalog ("Wiley Online Library")
% ? unused Url ("https://onlinelibrary.wiley.com/doi/abs/10.1111/j.1469-1809.1936.tb02137.x")

@article{gao2018,
  author       = {Gao, Xun and Zhang, Z.-Y. and Duan, Luming},
  date         = {2018-12-07},
  doi          = {10.1126/sciadv.aat9004},
  issn         = {2375-2548},
  journaltitle = {Science Advances},
  langid       = {english},
  number       = {12},
  pages        = {eaat9004},
  shortjournal = {Sci. Adv.},
  title        = {A Quantum Machine Learning Algorithm Based on Generative Models},
  volume       = {4},
}
% == BibLateX quality report for gao2018:
% ? unused Library catalog ("DOI.org (Crossref)")
% ? unused Url ("https://www.science.org/doi/10.1126/sciadv.aat9004")

@article{gidney2021,
  author       = {Gidney, Craig and Ekerå, Martin},
  date         = {2021-04-15},
  doi          = {10.22331/q-2021-04-15-433},
  issn         = {2521-327X},
  journaltitle = {Quantum},
  langid       = {english},
  pages        = {433},
  shortjournal = {Quantum},
  title        = {How to Factor 2048 Bit {{RSA}} Integers in 8 Hours Using 20 Million Noisy Qubits},
  volume       = {5},
}
% == BibLateX quality report for gidney2021:
% ? unused Library catalog ("DOI.org (Crossref)")
% ? unused Url ("https://quantum-journal.org/papers/q-2021-04-15-433/")

@article{havlicek2019,
  author       = {Havlicek, Vojtech and Córcoles, Antonio D. and Temme, Kristan and Harrow, Aram W. and Kandala, Abhinav and Chow, Jerry M. and Gambetta, Jay M.},
  date         = {2019-03},
  doi          = {10.1038/s41586-019-0980-2},
  issn         = {0028-0836, 1476-4687},
  journaltitle = {Nature},
  number       = {7747},
  pages        = {209--212},
  shortjournal = {Nature},
  title        = {Supervised Learning with Quantum Enhanced Feature Spaces},
  volume       = {567},
}
% == BibLateX quality report for havlicek2019:
% 'issn': not a valid ISSN
% ? unused Url ("http://arxiv.org/abs/1804.11326")

@article{henderson2020,
  author       = {Henderson, Maxwell and Shakya, Samriddhi and Pradhan, Shashindra and Cook, Tristan},
  date         = {2020-06},
  doi          = {10.1007/s42484-020-00012-y},
  issn         = {2524-4906, 2524-4914},
  journaltitle = {Quantum Machine Intelligence},
  langid       = {english},
  number       = {1},
  pages        = {2},
  shortjournal = {Quantum Mach. Intell.},
  shorttitle   = {Quanvolutional Neural Networks},
  title        = {Quanvolutional Neural Networks: Powering Image Recognition with Quantum Circuits},
  volume       = {2},
}
% == BibLateX quality report for henderson2020:
% 'issn': not a valid ISSN
% ? unused Library catalog ("DOI.org (Crossref)")
% ? unused Url ("http://link.springer.com/10.1007/s42484-020-00012-y")

@article{huang2021,
  author       = {Huang, He-Liang and Du, Yuxuan and Gong, Ming and Zhao, Youwei and Wu, Yulin and Wang, Chaoyue and Li, Shaowei and Liang, Futian and Lin, Jin and Xu, Yu and Yang, Rui and Liu, Tongliang and Hsieh, Min-Hsiu and Deng, Hui and Rong, Hao and Peng, Cheng-Zhi and Lu, Chao-Yang and Chen, Yu-Ao and Tao, Dacheng and Zhu, Xiaobo and Pan, Jian-Wei},
  date         = {2021-08-27},
  doi          = {10.1103/PhysRevApplied.16.024051},
  issn         = {2331-7019},
  journaltitle = {Physical Review Applied},
  langid       = {english},
  number       = {2},
  pages        = {024051},
  shortjournal = {Phys. Rev. Applied},
  title        = {Experimental {{Quantum Generative Adversarial Networks}} for {{Image Generation}}},
  volume       = {16},
}
% == BibLateX quality report for huang2021:
% ? Title looks like it was stored in title-case in Zotero
% ? unused Library catalog ("DOI.org (Crossref)")
% ? unused Url ("https://link.aps.org/doi/10.1103/PhysRevApplied.16.024051")

@article{huang2021a,
  author       = {Huang, Hsin-Yuan and Broughton, Michael and Mohseni, Masoud and Babbush, Ryan and Boixo, Sergio and Neven, Hartmut and McClean, Jarrod R.},
  date         = {2021-12},
  doi          = {10.1038/s41467-021-22539-9},
  issn         = {2041-1723},
  journaltitle = {Nature Communications},
  number       = {1},
  pages        = {2631},
  shortjournal = {Nat Commun},
  title        = {Power of Data in Quantum Machine Learning},
  volume       = {12},
}
% == BibLateX quality report for huang2021a:
% ? unused Url ("http://arxiv.org/abs/2011.01938")

@article{killoran2019,
  author       = {Killoran, Nathan and Bromley, Thomas R. and Arrazola, Juan Miguel and Schuld, Maria and Quesada, Nicolás and Lloyd, Seth},
  date         = {2019-10-31},
  doi          = {10.1103/PhysRevResearch.1.033063},
  issn         = {2643-1564},
  journaltitle = {Physical Review Research},
  langid       = {english},
  number       = {3},
  pages        = {033063},
  shortjournal = {Phys. Rev. Research},
  title        = {Continuous-Variable Quantum Neural Networks},
  volume       = {1},
}
% == BibLateX quality report for killoran2019:
% ? unused Library catalog ("DOI.org (Crossref)")
% ? unused Url ("https://link.aps.org/doi/10.1103/PhysRevResearch.1.033063")

@article{liu2018,
  author       = {Liu, Nana and Rebentrost, Patrick},
  date         = {2018-04-10},
  doi          = {10.1103/PhysRevA.97.042315},
  issn         = {2469-9926, 2469-9934},
  journaltitle = {Physical Review A},
  number       = {4},
  pages        = {042315},
  shortjournal = {Phys. Rev. A},
  title        = {Quantum Machine Learning for Quantum Anomaly Detection},
  volume       = {97},
}
% == BibLateX quality report for liu2018:
% 'issn': not a valid ISSN
% ? unused Url ("http://arxiv.org/abs/1710.07405")

@unpublished{lloyd2013,
  author  = {Lloyd, Seth and Mohseni, Masoud and Rebentrost, Patrick},
  date    = {2013-11-04},
  title   = {Quantum Algorithms for Supervised and Unsupervised Machine Learning},
  url     = {http://arxiv.org/abs/1307.0411},
  urldate = {2022-03-04},
}

@article{mcclean2018,
  author       = {McClean, Jarrod R. and Boixo, Sergio and Smelyanskiy, Vadim N. and Babbush, Ryan and Neven, Hartmut},
  date         = {2018-12},
  doi          = {10.1038/s41467-018-07090-4},
  issn         = {2041-1723},
  journaltitle = {Nature Communications},
  number       = {1},
  pages        = {4812},
  shortjournal = {Nat Commun},
  title        = {Barren Plateaus in Quantum Neural Network Training Landscapes},
  volume       = {9},
}
% == BibLateX quality report for mcclean2018:
% ? unused Url ("http://arxiv.org/abs/1803.11173")

@article{moll2018,
  author       = {Moll, Nikolaj and Barkoutsos, Panagiotis and Bishop, Lev S and Chow, Jerry M and Cross, Andrew and Egger, Daniel J and Filipp, Stefan and Fuhrer, Andreas and Gambetta, Jay M and Ganzhorn, Marc and Kandala, Abhinav and Mezzacapo, Antonio and Müller, Peter and Riess, Walter and Salis, Gian and Smolin, John and Tavernelli, Ivano and Temme, Kristan},
  date         = {2018-07},
  doi          = {10.1088/2058-9565/aab822},
  issn         = {2058-9565},
  journaltitle = {Quantum Science and Technology},
  number       = {3},
  pages        = {030503},
  shortjournal = {Quantum Sci. Technol.},
  title        = {Quantum Optimization Using Variational Algorithms on Near-Term Quantum Devices},
  volume       = {3},
}
% == BibLateX quality report for moll2018:
% ? unused Library catalog ("DOI.org (Crossref)")
% ? unused Url ("https://iopscience.iop.org/article/10.1088/2058-9565/aab822")

@article{nakkiran2021,
  author       = {Nakkiran, Preetum and Kaplun, Gal and Bansal, Yamini and Yang, Tristan and Barak, Boaz and Sutskever, Ilya},
  date         = {2021-12-01},
  doi          = {10.1088/1742-5468/ac3a74},
  issn         = {1742-5468},
  journaltitle = {Journal of Statistical Mechanics: Theory and Experiment},
  number       = {12},
  pages        = {124003},
  shortjournal = {J. Stat. Mech.},
  shorttitle   = {Deep Double Descent},
  title        = {Deep Double Descent: Where Bigger Models and More Data Hurt*},
  volume       = {2021},
}
% == BibLateX quality report for nakkiran2021:
% ? unused Library catalog ("DOI.org (Crossref)")
% ? unused Url ("https://iopscience.iop.org/article/10.1088/1742-5468/ac3a74")

@book{nielsen2012,
  author     = {Nielsen, Michael A. and Chuang, Isaac L.},
  date       = {2012-06-05},
  doi        = {10.1017/CBO9780511976667},
  edition    = {1},
  isbn       = {978-1-107-00217-3 978-0-511-97666-7},
  publisher  = {{Cambridge University Press}},
  shorttitle = {Quantum {{Computation}} and {{Quantum Information}}},
  title      = {Quantum {{Computation}} and {{Quantum Information}}: 10th {{Anniversary Edition}}},
}
% == BibLateX quality report for nielsen2012:
% 'isbn': not a valid ISBN
% ? Title looks like it was stored in title-case in Zotero
% ? unused Library catalog ("DOI.org (Crossref)")
% ? unused Url ("https://www.cambridge.org/core/product/identifier/9780511976667/type/book")

@inproceedings{oh2020,
  author     = {Oh, Seunghyeok and Choi, Jaeho and Kim, Joongheon},
  date       = {2020-10-21},
  doi        = {10.1109/ICTC49870.2020.9289439},
  eventtitle = {2020 {{International Conference}} on {{Information}} and {{Communication Technology Convergence}} ({{ICTC}})},
  isbn       = {978-1-72816-758-9},
  location   = {{Jeju Island, Korea (South)}},
  pages      = {236--239},
  publisher  = {{IEEE}},
  title      = {A {{Tutorial}} on {{Quantum Convolutional Neural Networks}} ({{QCNN}})},
}
% == BibLateX quality report for oh2020:
% Missing required field 'booktitle'
% ? Title looks like it was stored in title-case in Zotero
% ? unused Library catalog ("DOI.org (Crossref)")
% ? unused Url ("https://ieeexplore.ieee.org/document/9289439/")

@unpublished{park2020,
  author     = {Park, Jae-Eun and Quanz, Brian and Wood, Steve and Higgins, Heather and Harishankar, Ray},
  date       = {2020-12-14},
  shorttitle = {Practical Application Improvement to {{Quantum SVM}}},
  title      = {Practical Application Improvement to {{Quantum SVM}}: Theory to Practice},
  url        = {http://arxiv.org/abs/2012.07725},
  urldate    = {2022-03-04},
}

@article{pesah2021,
  author       = {Pesah, Arthur and Cerezo, M. and Wang, Samson and Volkoff, Tyler and Sornborger, Andrew T. and Coles, Patrick J.},
  date         = {2021-10-15},
  doi          = {10.1103/PhysRevX.11.041011},
  issn         = {2160-3308},
  journaltitle = {Physical Review X},
  langid       = {english},
  number       = {4},
  pages        = {041011},
  shortjournal = {Phys. Rev. X},
  title        = {Absence of {{Barren Plateaus}} in {{Quantum Convolutional Neural Networks}}},
  volume       = {11},
}
% == BibLateX quality report for pesah2021:
% ? Title looks like it was stored in title-case in Zotero
% ? unused Library catalog ("DOI.org (Crossref)")
% ? unused Url ("https://link.aps.org/doi/10.1103/PhysRevX.11.041011")

@unpublished{rivera-dean2021,
  author  = {Rivera-Dean, Javier and Huembeli, Patrick and Acín, Antonio and Bowles, Joseph},
  date    = {2021-10-18},
  title   = {Avoiding Local Minima in {{Variational Quantum Algorithms}} with {{Neural Networks}}},
  url     = {http://arxiv.org/abs/2104.02955},
  urldate = {2022-01-28},
}

@book{schuld2018,
  author    = {Schuld, Maria and Petruccione, Francesco},
  date      = {2018},
  doi       = {10.1007/978-3-319-96424-9},
  isbn      = {978-3-319-96423-2},
  langid    = {english},
  location  = {{Cham}},
  publisher = {{Springer International Publishing}},
  series    = {Quantum {{Science}} and {{Technology}}},
  title     = {Supervised {{Learning}} with {{Quantum Computers}}},
}
% == BibLateX quality report for schuld2018:
% ? Title looks like it was stored in title-case in Zotero
% ? unused Library catalog ("DOI.org (Crossref)")
% ? unused Url ("http://link.springer.com/10.1007/978-3-319-96424-9")

@article{schuld2021,
  author       = {Schuld, Maria and Sweke, Ryan and Meyer, Johannes Jakob},
  date         = {2021-03-24},
  doi          = {10.1103/PhysRevA.103.032430},
  issn         = {2469-9926, 2469-9934},
  journaltitle = {Physical Review A},
  number       = {3},
  pages        = {032430},
  shortjournal = {Phys. Rev. A},
  title        = {The Effect of Data Encoding on the Expressive Power of Variational Quantum Machine Learning Models},
  volume       = {103},
}
% == BibLateX quality report for schuld2021:
% 'issn': not a valid ISSN
% ? unused Url ("http://arxiv.org/abs/2008.08605")

@book{schuld2021a,
  author    = {Schuld, Maria and Petruccione, Francesco},
  date      = {2021},
  doi       = {10.1007/978-3-030-83098-4},
  isbn      = {978-3-030-83097-7},
  langid    = {english},
  location  = {{Cham}},
  publisher = {{Springer International Publishing}},
  series    = {Quantum {{Science}} and {{Technology}}},
  title     = {Machine {{Learning}} with {{Quantum Computers}}},
}
% == BibLateX quality report for schuld2021a:
% ? Title looks like it was stored in title-case in Zotero
% ? unused Library catalog ("DOI.org (Crossref)")
% ? unused Url ("https://link.springer.com/10.1007/978-3-030-83098-4")

@inproceedings{shor1994,
  author     = {Shor, Peter W.},
  booktitle  = {Proceedings 35th {{Annual Symposium}} on {{Foundations}} of {{Computer Science}}},
  date       = {1994},
  doi        = {10.1109/SFCS.1994.365700},
  eventtitle = {35th {{Annual Symposium}} on {{Foundations}} of {{Computer Science}}},
  isbn       = {978-0-8186-6580-6},
  location   = {{Santa Fe, NM, USA}},
  pages      = {124--134},
  publisher  = {{IEEE Comput. Soc. Press}},
  shorttitle = {Algorithms for Quantum Computation},
  title      = {Algorithms for Quantum Computation: Discrete Logarithms and Factoring},
}
% == BibLateX quality report for shor1994:
% ? unused Library catalog ("DOI.org (Crossref)")
% ? unused Url ("http://ieeexplore.ieee.org/document/365700/")

@article{sweke2020,
  author       = {Sweke, Ryan and Wilde, Frederik and Meyer, Johannes and Schuld, Maria and Faehrmann, Paul K. and Meynard-Piganeau, Barthélémy and Eisert, Jens},
  date         = {2020-08-31},
  doi          = {10.22331/q-2020-08-31-314},
  issn         = {2521-327X},
  journaltitle = {Quantum},
  pages        = {314},
  shortjournal = {Quantum},
  title        = {Stochastic Gradient Descent for Hybrid Quantum-Classical Optimization},
  volume       = {4},
}
% == BibLateX quality report for sweke2020:
% ? unused Url ("http://arxiv.org/abs/1910.01155")

@article{torlai2020,
  author       = {Torlai, Giacomo and Mazzola, Guglielmo and Carleo, Giuseppe and Mezzacapo, Antonio},
  date         = {2020-06-17},
  doi          = {10.1103/PhysRevResearch.2.022060},
  issn         = {2643-1564},
  journaltitle = {Physical Review Research},
  langid       = {english},
  number       = {2},
  pages        = {022060},
  shortjournal = {Phys. Rev. Research},
  title        = {Precise Measurement of Quantum Observables with Neural-Network Estimators},
  volume       = {2},
}
% == BibLateX quality report for torlai2020:
% ? unused Library catalog ("DOI.org (Crossref)")
% ? unused Url ("https://link.aps.org/doi/10.1103/PhysRevResearch.2.022060")

@unpublished{wierichs2021,
  author  = {Wierichs, David and Izaac, Josh and Wang, Cody and Lin, Cedric Yen-Yu},
  date    = {2021-09-30},
  title   = {General Parameter-Shift Rules for Quantum Gradients},
  url     = {http://arxiv.org/abs/2107.12390},
  urldate = {2022-02-11},
}

@article{zeng2022,
  author       = {Zeng, Yi and Wang, Hao and He, Jin and Huang, Qijun and Chang, Sheng},
  date         = {2022-03-11},
  doi          = {10.3390/e24030394},
  issn         = {1099-4300},
  journaltitle = {Entropy},
  langid       = {english},
  number       = {3},
  pages        = {394},
  shortjournal = {Entropy},
  title        = {A {{Multi-Classification Hybrid Quantum Neural Network Using}} an {{All-Qubit Multi-Observable Measurement Strategy}}},
  volume       = {24},
}
% == BibLateX quality report for zeng2022:
% ? Title looks like it was stored in title-case in Zotero
% ? unused Library catalog ("DOI.org (Crossref)")
% ? unused Url ("https://www.mdpi.com/1099-4300/24/3/394")
